% Encoding: UTF-8

@Article{fowler2001agile,
  author    = {Fowler, Martin and Highsmith, Jim and others},
  title     = {The agile manifesto},
  number    = {8},
  pages     = {28--35},
  volume    = {9},
  journal   = {Software development},
  publisher = {[San Francisco, CA: Miller Freeman, Inc., 1993-},
  year      = {2001},
}

@Misc{mcdonald2017does,
  author = {McDonald, Kent J},
  title  = {What Does a Business Analyst Do on an Agile Project},
  year   = {2017},
}

@Article{heijnerelevante,
  author = {Heijne, Margriet},
  date   = {2018},
  title  = {Relevante skills voor Agile: een verschil voor business analisten?},
}

@Comment{jabref-meta: databaseType:biblatex;}
